@article{moretti2015neuroprotection,
  title={Neuroprotection for ischaemic stroke: Current status and challenges},
  author={Moretti, Antonio and Ferrari, Federica and Villa, Roberto F},
  journal={Pharmacology \& therapeutics},
  volume={146},
  pages={23--34},
  year={2015},
  publisher={Elsevier}
}

@article{george2015novel,
  title={Novel stroke therapeutics: Unraveling stroke pathophysiology and its impact on clinical treatments},
  author={George, Paul M and Steinberg, Gary K},
  journal={Neuron},
  volume={87},
  number={2},
  pages={297--309},
  year={2015},
  publisher={Elsevier}
}

@article{butcher2010acute,
  title={Acute stroke imaging part II: The ischemic penumbra},
  author={Butcher, K and Emery, D},
  journal={The Canadian Journal of Neurological Sciences},
  volume={37},
  number={01},
  pages={17--27},
  year={2010},
  publisher={Cambridge Univ Press}
}

@article{hacke2008thrombolysis,
  title={Thrombolysis with alteplase 3 to 4.5 hours after acute ischemic stroke},
  author={Hacke, Werner and Kaste, Markku and Bluhmki, Erich and Brozman, Miroslav and D{\'a}valos, Antoni and Guidetti, Donata and Larrue, Vincent and Lees, Kennedy R and Medeghri, Zakaria and Machnig, Thomas and others},
  journal={New England Journal of Medicine},
  volume={359},
  number={13},
  pages={1317--1329},
  year={2008},
  publisher={Mass Medical Soc}
}

@article{kanazawa2011biochemical,
  title={Biochemical and histopathological alterations in TAR DNA-binding protein-43 after acute ischemic stroke in rats},
  author={Kanazawa, Masato and Kakita, Akiyoshi and Igarashi, Hironaka and Takahashi, Tetsuya and Kawamura, Kunio and Takahashi, Hitoshi and Nakada, Tsutomu and Nishizawa, Masatoyo and Shimohata, Takayoshi},
  journal={Journal of neurochemistry},
  volume={116},
  number={6},
  pages={957--965},
  year={2011},
  publisher={Wiley Online Library}
}

@article{kanazawa2011inhibition,
  title={Inhibition of VEGF signaling pathway attenuates hemorrhage after tPA treatment},
  author={Kanazawa, Masato and Igarashi, Hironaka and Kawamura, Kunio and Takahashi, Tetsuya and Kakita, Akiyoshi and Takahashi, Hitoshi and Nakada, Tsutomu and Nishizawa, Masatoyo and Shimohata, Takayoshi},
  journal={Journal of Cerebral Blood Flow \& Metabolism},
  volume={31},
  number={6},
  pages={1461--1474},
  year={2011},
  publisher={SAGE Publications}
}

@article{nguyen2013progranulin,
  title={Progranulin: at the interface of neurodegenerative and metabolic diseases},
  author={Nguyen, Andrew D and Nguyen, Thi A and Martens, Lauren Herl and Mitic, Laura L and Farese, Robert V},
  journal={Trends in Endocrinology \& Metabolism},
  volume={24},
  number={12},
  pages={597--606},
  year={2013},
  publisher={Elsevier}
}

@article{o20061,
  title={1,026 experimental treatments in acute stroke},
  author={O'Collins, Victoria E and Macleod, Malcolm R and Donnan, Geoffrey A and Horky, Laura L and van der Worp, Bart H and Howells, David W},
  journal={Annals of neurology},
  volume={59},
  number={3},
  pages={467--477},
  year={2006},
  publisher={Wiley Online Library}
}





